<record><leader>01333cam a2200337 a 4500</leader><controlfield tag="001">1309894</controlfield><controlfield tag="005">19900316110451.4</controlfield><controlfield tag="008">900808s1985    maua            1 0 eng d</controlfield><datafield ind1=" " ind2=" " tag="010"><subfield code="a">   84029297 //r90</subfield></datafield><datafield ind1=" " ind2=" " tag="020"><subfield code="a">0878351434 (pbk.)</subfield></datafield><datafield ind1=" " ind2=" " tag="035"><subfield code="a">ocm11649476</subfield></datafield><datafield ind1=" " ind2=" " tag="040"><subfield code="a">DLC</subfield><subfield code="b">eng</subfield><subfield code="c">DLC</subfield><subfield code="d">DLC</subfield></datafield><datafield ind1=" " ind2=" " tag="049"><subfield code="a">AEU</subfield><subfield code="b">eng</subfield></datafield><datafield ind1="0" ind2="0" tag="050"><subfield code="a">QA76.73.F25</subfield><subfield code="b">B728 1985</subfield></datafield><datafield ind1="0" ind2="0" tag="082"><subfield code="a">001.64/24</subfield><subfield code="2">19</subfield></datafield><datafield ind1="0" ind2=" " tag="090"><subfield code="a">QA 76.73 F25 B814 1985</subfield></datafield><datafield ind1="1" ind2=" " tag="100"><subfield code="a">Brainerd, Walter S.</subfield></datafield><datafield ind1="1" ind2="0" tag="245"><subfield code="a">Fortran 77 fundamentals and style /</subfield><subfield code="c">Walter S. Brainerd, Charles H. Goldberg, Jonathan L. Gross.</subfield></datafield><datafield ind1=" " ind2=" " tag="260"><subfield code="a">Boston :</subfield><subfield code="b">Boyd &amp; Fraser Pub. Co.,</subfield><subfield code="c">c1985.</subfield></datafield><datafield ind1=" " ind2=" " tag="300"><subfield code="a">xiii, 423, 33, 3 p. :</subfield><subfield code="b">ill. (some col.) ;</subfield><subfield code="c">28 cm.</subfield></datafield><datafield ind1=" " ind2=" " tag="336"><subfield code="a">text</subfield><subfield code="b">txt</subfield><subfield code="2">rdacontent</subfield></datafield><datafield ind1=" " ind2=" " tag="337"><subfield code="a">unmediated</subfield><subfield code="b">n</subfield><subfield code="2">rdamedia</subfield></datafield><datafield ind1=" " ind2=" " tag="338"><subfield code="a">volume</subfield><subfield code="b">nc</subfield><subfield code="2">rdacarrier</subfield></datafield><datafield ind1=" " ind2=" " tag="500"><subfield code="a">Includes index.</subfield></datafield><datafield ind1=" " ind2=" " tag="500"><subfield code="a">Accompanied by Instructor's manual [instr. man.].</subfield></datafield><datafield ind1=" " ind2=" " tag="596"><subfield code="a">38 48</subfield></datafield><datafield ind1=" " ind2="0" tag="650"><subfield code="a">FORTRAN 77 (Computer program language)</subfield></datafield><datafield ind1="1" ind2=" " tag="700"><subfield code="a">Goldberg, Charles H.</subfield></datafield><datafield ind1="1" ind2=" " tag="700"><subfield code="a">Gross, Jonathan L.</subfield></datafield><datafield ind1=" " ind2=" " tag="926"><subfield code="a">QA 76.73 F25 B814 1985</subfield><subfield code="w">LC</subfield><subfield code="c">1</subfield><subfield code="i">000033426826</subfield><subfield code="d">1/23/2014</subfield><subfield code="e">9/16/2013</subfield><subfield code="l">ON_SHELF</subfield><subfield code="m">UASCITECH</subfield><subfield code="n">53</subfield><subfield code="p">$150.00</subfield><subfield code="r">Y</subfield><subfield code="s">Y</subfield><subfield code="t">BOOK</subfield><subfield code="u">8/13/1990</subfield></datafield><datafield ind1=" " ind2=" " tag="926"><subfield code="a">QA 76.73 F25 B814 1985 instr. man.</subfield><subfield code="w">LC</subfield><subfield code="c">1</subfield><subfield code="i">000033426834</subfield><subfield code="d">3/15/2004</subfield><subfield code="e">1/14/2004</subfield><subfield code="l">ON_SHELF</subfield><subfield code="m">UABARD</subfield><subfield code="n">9</subfield><subfield code="p">$150.00</subfield><subfield code="r">Y</subfield><subfield code="s">Y</subfield><subfield code="t">BOOK</subfield><subfield code="u">8/13/1990</subfield><subfield code="o">.STAFF. B0028415</subfield></datafield></record>